@misc{dattoli2011parabolictrigonometricfunctions,
  title         = {The Parabolic-Trigonometric Functions},
  author        = {G. Dattoli and M. Migliorati and M. Quattromini and P. E. Ricci},
  year          = {2011},
  eprint        = {1102.1563},
  archiveprefix = {arXiv},
  primaryclass  = {math-ph},
  url           = {https://arxiv.org/abs/1102.1563}
}
@book{bartle1999introduction,
  author    = {Bartle, Robert G. and Sherbert, Donald R.},
  title     = {Introduction to Real Analysis},
  edition   = {3rd},
  publisher = {Wiley},
  year      = {1999},
  isbn      = {9780471321484}
}